3106 5184
816 252 850 297 lv

171 414 354 505 plantarum
379 416 410 483 in
437 414 571 485 diversis
597 416 736 485 llossiae
761 416 945 507 regionibus
970 420 1201 486 occurrentium
1233 425 1266 486 et
1290 417 1373 487 adeo
1400 439 1500 508 usqne

166 536 238 619 Janr
264 532 507 601 observaturum
532 533 684 626 indicem,
723 552 806 624 quo,
845 552 908 622 qua
940 535 1065 601 ratione
1095 556 1155 625 per
1185 536 1331 626 singulas
1356 537 1500 603 latissimi

172 652 244 736 ejus
271 649 393 738 imperii
418 651 598 738 provincias
623 648 744 717 divisae
769 651 849 742 sint,
881 649 1104 741 geographico
1130 650 1227 717 veluti
1261 652 1400 742 imagine
1426 654 1501 743 sig-

173 763 309 833 nificem.
359 763 429 833 Sed
453 770 560 835 tamen
586 787 661 835 mox
685 767 806 859 patuit,
844 786 926 855 opus
959 768 1004 833 ita
1036 768 1246 856 couscriptum
1279 765 1375 835 finem
1407 790 1501 835 suum

173 902 287 971 panum
313 886 534 951 ameouturum
560 903 643 951 esse.
699 882 786 951 Nam
819 903 914 971 quum
946 879 1068 974 sontes,
1107 902 1127 949 e
1158 883 1268 972 quibus
1299 884 1501 954 elaborantes

170 997 302 1065 lraurire
334 1018 394 1065 nos
426 1003 585 1091 oportuit,
627 1002 817 1069 auctoritate
848 1001 988 1068 maxime
1025 998 1142 1068 diversi
1172 1003 1252 1093 siut,
1287 1000 1374 1072 finito
1401 1024 1499 1094 opere

170 1122 260 1183 certa
286 1116 414 1183 ineertis
439 1115 521 1185 adeo
546 1118 647 1184 mixta
671 1113 742 1185 sore
766 1117 1001 1209 intelleximus,
1038 1122 1075 1186 ut
1106 1117 1168 1186 fide
1200 1122 1302 1187 totum
1333 1122 1497 1192 oaruisset.

174 1230 281 1319 Quam
315 1233 354 1301 ob
381 1253 449 1300 rem
475 1232 655 1324 allegandis
681 1234 880 1324 singularum
906 1236 1096 1304 relationum
1122 1237 1303 1305 auctoribus
1328 1258 1407 1328 opus
1423 1258 1497 1307 esse

29 1357 35 1367 “
170 1352 275 1417 uisum
310 1354 378 1442 est,
414 1370 549 1439 quarum
574 1349 614 1418 de
640 1350 827 1418 certitudine
852 1372 911 1420 suo
938 1355 1069 1443 quisque
1095 1356 1223 1446 ingenio
1250 1358 1389 1422 censeat.
1437 1354 1498 1423 llis

170 1473 299 1559 autem,
324 1470 361 1535 ut
385 1467 534 1557 singulae
559 1468 683 1557 speeies
709 1451 888 1534 accuratius
914 1467 1166 1563 distinguantur,
1193 1470 1381 1561 diagnosea,
1416 1489 1498 1558 quae

168 1586 360 1675 pmesertim
384 1583 417 1650 in
441 1583 632 1675 generibus,
656 1584 749 1653 novis
773 1584 939 1675 speciebus
957 1589 1077 1681 auctis,
1103 1590 1238 1679 repetita
1254 1589 1498 1678 investigatione

168 1700 391 1793 indiguerunt,
429 1699 552 1792 adjeci,
590 1703 623 1768 et
654 1720 756 1769 novas
788 1721 944 1793 parumve
976 1708 1069 1772 notas
1093 1704 1216 1793 speeies
1240 1722 1373 1793 prorsus
1398 1723 1420 1771 a
1445 1723 1497 1770 me

168 1818 393 1887 describendas
417 1838 492 1885 esse
516 1818 639 1909 putavi.

269 1935 321 2003 lle
345 1935 548 2024 synonymia
572 1952 671 2027 vero,
696 1935 838 2024 exeeptis
861 1931 1115 2026 generalioribus
1140 1930 1325 2022 quibusdam
1349 1932 1497 2024 operibus

168 2072 209 2120 ae
240 2051 501 2145 monographiis,
541 2071 605 2120 non
646 2052 732 2118 altra
764 2054 905 2121 rossioae
942 2051 1062 2121 ltlorae
1092 2053 1264 2143 scriptores
1295 2049 1375 2119 linos
1406 2072 1496 2120 meos

130 2146 134 2153 ⁵
170 2190 324 2263 agrestam
355 2191 446 2260 sum3
484 2189 618 2259 quorum
649 2173 757 2237 tamen
783 2190 884 2261 opera
908 2171 949 2238 ab
973 2172 1059 2239 omni
1083 2176 1178 2260 parte
1202 2172 1364 2265 allegavi,
1400 2192 1496 2261 quum

167 2290 307 2355 maxime
332 2308 425 2358 meae
449 2285 647 2369 interfuerit,
673 2287 872 2378 singularum
897 2288 1090 2379 plantarum,
1117 2308 1196 2376 quas
1210 2286 1318 2355 adlrue
1336 2290 1493 2379 novimus,

165 2404 296 2495 plagas,
322 2405 434 2493 quibus
458 2410 492 2472 et
517 2422 681 2491 quousque
705 2396 924 2492 reperiantur,
949 2400 1092 2470 delinire.
1129 2402 1234 2487 Quam
1259 2404 1299 2469 ob
1320 2424 1388 2471 rem
1408 2426 1495 2472 enu-

167 2530 363 2589 meratorum
389 2541 514 2613 quoque
538 2522 720 2611 plantarum
745 2538 802 2586 eae
827 2520 996 2613 regiones,
1032 2540 1052 2588 e
1084 2520 1195 2608 quibus
1219 2524 1276 2586 aut
1300 2521 1387 2608 ipsas
1411 2542 1494 2608 pos-

162 2638 275 2727 sideo,
310 2646 368 2708 aut
400 2642 432 2707 in
456 2641 522 2709 alia
546 2659 649 2729 eaque
674 2636 813 2705 indieata
838 2639 1025 2707 collectione
1049 2635 1132 2729 vidi,
1170 2637 1264 2727 siguo
1297 2632 1348 2727 (l)
1380 2636 1494 2726 ubique

168 2754 346 2841 designavi.

161 2922 167 2933 .
268 2872 334 2939 Sed
361 2878 395 2941 ut
420 2874 640 2964 singularum,
666 2870 718 2937 ubi
743 2871 891 2961 singulae
916 2871 1046 2960 plantae
1070 2868 1289 2958 inveniantur,
1324 2870 1493 2961 regionum

167 2992 338 3067 ambitum,
366 3016 459 3083 quam
486 2995 584 3083 longe
608 2996 735 3081 pateat,
756 2991 845 3073 juste
871 2987 1049 3055 describere
1074 2987 1205 3076 possim,
1231 2991 1363 3075 propter
1383 2987 1494 3054 diver-

161 3132 257 3199 -aam,
283 3110 481 3179 diversarum
506 3112 648 3180 latissimi
675 3106 796 3193 imperii
821 3107 979 3195 partium,
1005 3104 1087 3171 eoeli
1114 3107 1284 3190 terraeque
1308 3106 1495 3194 temperiem

172 3246 213 3293 ao
237 3232 403 3320 naturam,
429 3232 531 3296 toturn
556 3232 627 3315 ejus
653 3228 760 3294 orbern
781 3227 811 3291 in
832 3224 983 3314 regiones
1004 3220 1057 3287 irie
1075 3224 1279 3289 enumeratas
1291 3219 1494 3290 dividendum

168 3360 241 3411 ease
266 3345 462 3411 existimauit

544 3459 587 3527 A.
614 3460 757 3547 imper-tt
777 3480 865 3545 pun
887 3458 1117 3524 amarulentam.

272 3580 306 3645 1.
332 3577 486 3645 llossia
501 3577 660 3641 arotiea
679 3596 707 3641 s.
749 3574 868 3641 llossio
887 3571 1492 3663 europaeatranseiroulumarotiounn

268 3696 305 3767 2.
331 3694 485 3763 llosria
509 3691 874 3780 septentrionalis.
920 3691 951 3757 Λ
977 3690 1094 3757 eirenio
1120 3690 1174 3757 illo
1199 3708 1314 3757 versus
1328 3684 1492 3754 meridiem

169 3834 271 3905 usqne
296 3812 337 3879 ad
362 3810 476 3902 inem,
501 3828 522 3875 a
548 3828 612 3897 quo
637 3807 783 3893 merens
808 3826 954 3873 creseere
980 3808 1096 3896 incipit.

268 3930 304 3998 ll.
330 3929 484 3997 Bossia
515 3924 659 3994 media.
708 3924 833 3993 Abinde
870 3944 972 4013 usque
1009 3924 1051 3991 ad
1088 3922 1200 4013 tinem,
1239 3942 1262 3987 a
1300 3938 1364 4008 quo
1400 3916 1492 3983 Vites

149 4012 369 4139 'proveniunt

271 4162 305 4229 d.
331 4160 485 4229 Bossia
502 4162 718 4229 australis.
760 4161 796 4228 ln
813 4161 996 4227 universum
1012 4154 1126 4222 abinde
1143 4170 1243 4241 unque
1255 4148 1297 4215 ad
1317 4145 1491 4213 australem

168 4282 266 4349 totius
290 4278 412 4366 imperii
437 4276 541 4346 tinem.
591 4278 659 4349 Sed
691 4280 743 4345 lrie
775 4296 901 4366 quoquo
932 4274 1014 4341 duas
1045 4273 1196 4361 regiam
1227 4260 1393 4333 dommodo
1418 4260 1490 4329 dis-

36 4432 39 4437 ·
168 4394 346 4465 tremendas
370 4416 443 4463 esse
467 4395 635 4487 duximus,
661 4416 794 4486 quarum
819 4394 925 4460 altera
948 4394 1021 4455 est:

269 4514 306 4581 5.
330 4512 490 4580 'lauria
514 4537 542 4581 s.
567 4514 734 4603 peninsula
757 4513 899 4589 tainica,
924 4506 1046 4572 alterae

271 4630 306 4697 d.
332 4628 569 4707 Caucasus,
595 4652 658 4720 quo
683 4631 809 4695 nomine
834 4644 965 4707 omnes,
999 4642 1078 4710 qaas
1103 4617 1286 4684 eaumieaa
1311 4621 1492 4702 nuncupant
